%% This BibTeX bibliography file was created using BibDesk.
%% https://bibdesk.sourceforge.io/

%% Created for Tomaso at 2019-06-02 17:33:03 +0100 


%% Saved with string encoding Unicode (UTF-8) 



@article{aste2017blockchain,
	Author = {Aste, Tomaso and Tasca, Paolo and Di Matteo, Tiziana},
	Date-Added = {2019-06-02 17:33:00 +0100},
	Date-Modified = {2019-06-02 17:33:00 +0100},
	Journal = {Computer},
	Number = {9},
	Pages = {18--28},
	Publisher = {IEEE COMPUTER SOC},
	Title = {Blockchain technologies: The foreseeable impact on society and industry},
	Volume = {50},
	Year = {2017}}

@book{Wiener,
	Author = {N. Wiener},
	Name = {E. Beckenbach (Ed.)},
	Publisher = {McGraw-Hill, New York City, NY},
	Title = {The theory of prediction, Modern mathematics for the engineer},
	Year = {1956}}

@article{granger2004time,
	Author = {Granger, Clive WJ},
	Journal = {American Economic Review},
	Number = {3},
	Pages = {421--425},
	Title = {Time series analysis, cointegration, and applications},
	Volume = {94},
	Year = {2004}}

@article{granger1969investigating,
	Author = {Granger, Clive WJ},
	Journal = {Econometrica: Journal of the Econometric Society},
	Pages = {424--438},
	Publisher = {JSTOR},
	Title = {Investigating causal relations by econometric models and cross-spectral methods},
	Year = {1969}}

@article{schreiber2000measuring,
	Author = {Schreiber, Thomas},
	Journal = {Physical review letters},
	Number = {2},
	Pages = {461},
	Publisher = {APS},
	Title = {Measuring information transfer},
	Volume = {85},
	Year = {2000}}

@article{Marschinski2002,
	Author = {Marschinski, R. and Kantz, H.},
	Day = {01},
	Journal = {The European Physical Journal B - Condensed Matter and Complex Systems},
	Month = {Nov},
	Number = {2},
	Pages = {275--281},
	Title = {Analysing the information flow between financial time series},
	Volume = {30},
	Year = {2002}}

@article{he2017comparison,
	Author = {He, Jiayi and Shang, Pengjian},
	Journal = {Physica A: Statistical Mechanics and its Applications},
	Pages = {772--785},
	Publisher = {Elsevier},
	Title = {Comparison of transfer entropy methods for financial time series},
	Volume = {482},
	Year = {2017}}

@article{vicente2011transfer,
	Author = {Vicente, Raul and Wibral, Michael and Lindner, Michael and Pipa, Gordon},
	Journal = {Journal of computational neuroscience},
	Number = {1},
	Pages = {45--67},
	Publisher = {Springer},
	Title = {Transfer entropy---a model-free measure of effective connectivity for the neurosciences},
	Volume = {30},
	Year = {2011}}

@article{lizier2011fMRI,
	Author = {Lizier, Joseph T and Heinzle, Jakob and Horstmann, Annette and Haynes, John-Dylan and Prokopenko, Mikhail},
	Journal = {Journal of computational neuroscience},
	Number = {1},
	Pages = {85--107},
	Publisher = {Springer},
	Title = {Multivariate information-theoretic measures reveal directed information structure and task relevant changes in fMRI connectivity},
	Volume = {30},
	Year = {2011}}

@article{prophet,
	Author = {Taylor, Sean J and Letham, Benjamin},
	Journal = {The American Statistician},
	Number = {1},
	Pages = {37--45},
	Publisher = {Taylor \& Francis},
	Title = {Forecasting at scale},
	Volume = {72},
	Year = {2018}}

@article{causalimpact,
	Author = {Brodersen, Kay H and Gallusser, Fabian and Koehler, Jim and Remy, Nicolas and Scott, Steven L and others},
	Journal = {The Annals of Applied Statistics},
	Number = {1},
	Pages = {247--274},
	Publisher = {Institute of Mathematical Statistics},
	Title = {Inferring causal impact using Bayesian structural time-series models},
	Volume = {9},
	Year = {2015}}

@article{barnett2009granger,
	Author = {Barnett, Lionel and Barrett, Adam B and Seth, Anil K},
	Journal = {Physical review letters},
	Number = {23},
	Pages = {238701},
	Publisher = {APS},
	Title = {Granger causality and transfer entropy are equivalent for Gaussian variables},
	Volume = {103},
	Year = {2009}}

@article{shannon1948,
	Author = {C. E. Shannon},
	Doi = {10.1002/j.1538-7305.1948.tb01338.x},
	Issn = {0005-8580},
	Journal = {The Bell System Technical Journal},
	Month = {July},
	Number = {3},
	Pages = {379-423},
	Title = {A mathematical theory of communication},
	Volume = {27},
	Year = {1948},
	Bdsk-Url-1 = {https://doi.org/10.1002/j.1538-7305.1948.tb01338.x}}

@article{boba2015efficient,
	Author = {Boba, Patrick and Bollmann, Dominik and Schoepe, Daniel and Wester, Nora and Wiesel, Jan and Hamacher, Kay},
	Journal = {Frontiers in Physics},
	Pages = {10},
	Publisher = {Frontiers},
	Title = {Efficient computation and statistical assessment of transfer entropy},
	Volume = {3},
	Year = {2015}}

@article{vasicek1976test,
	Author = {Vasicek, Oldrich},
	Journal = {Journal of the Royal Statistical Society. Series B (Methodological)},
	Pages = {54--59},
	Publisher = {JSTOR},
	Title = {A test for normality based on sample entropy},
	Year = {1976}}

@article{kozachenko1987sample,
	Author = {Kozachenko, LF and Leonenko, Nikolai N},
	Journal = {Problemy Peredachi Informatsii},
	Number = {2},
	Pages = {9--16},
	Publisher = {Russian Academy of Sciences, Branch of Informatics, Computer Equipment and Automatization},
	Title = {Sample estimate of the entropy of a random vector},
	Volume = {23},
	Year = {1987}}

@article{runge2012quantifying,
	Author = {Runge, Jakob and Heitzig, Jobst and Marwan, Norbert and Kurths, J{\"u}rgen},
	Journal = {Physical Review E},
	Number = {6},
	Pages = {061121},
	Publisher = {APS},
	Title = {Quantifying causal coupling strength: A lag-specific measure for multivariate time series related to transfer entropy},
	Volume = {86},
	Year = {2012}}

@article{hahs2011distinguishing,
	Author = {Hahs, Daniel W and Pethel, Shawn D},
	Journal = {Physical review letters},
	Number = {12},
	Pages = {128701},
	Publisher = {APS},
	Title = {Distinguishing anticipation from causality: Anticipatory bias in the estimation of information flow},
	Volume = {107},
	Year = {2011}}

@article{san2014unraveling,
	Author = {San Liang, X},
	Journal = {Physical Review E},
	Number = {5},
	Pages = {052150},
	Publisher = {APS},
	Title = {Unraveling the cause-effect relation between time series},
	Volume = {90},
	Year = {2014}}

@article{reshef2011MIC,
	Author = {Reshef, David N and Reshef, Yakir A and Finucane, Hilary K and Grossman, Sharon R and McVean, Gilean and Turnbaugh, Peter J and Lander, Eric S and Mitzenmacher, Michael and Sabeti, Pardis C},
	Journal = {science},
	Number = {6062},
	Pages = {1518--1524},
	Publisher = {American Association for the Advancement of Science},
	Title = {Detecting novel associations in large data sets},
	Volume = {334},
	Year = {2011}}

@book{lutkepohl2005new,
	Author = {L{\"u}tkepohl, Helmut},
	Publisher = {Springer Science \& Business Media},
	Title = {New introduction to multiple time series analysis},
	Year = {2005}}

@book{coverandthomas,
	Author = {Cover, Thomas M and Thomas, Joy A},
	Publisher = {John Wiley \& Sons, New York City, NY},
	Title = {Elements of Information Theory},
	Year = {1991}}

@book{lizier,
	Author = {Bossomaier, Terry and Barnett, Lionel and Harr{\'e}, Michael and Lizier, Joseph T},
	Publisher = {Springer},
	Title = {An introduction to transfer entropy},
	Year = {2016}}

@book{wilmott2007paul,
	Author = {Wilmott, Paul},
	Publisher = {John Wiley \& Sons},
	Title = {Paul Wilmott introduces quantitative finance},
	Year = {2007}}

@book{scott2015multivariate,
	Author = {Scott, David W},
	Publisher = {John Wiley \& Sons},
	Title = {Multivariate density estimation: theory, practice, and visualization},
	Year = {2015}}

@article{sturges1926choice,
	Author = {Sturges, Herbert A},
	Journal = {Journal of the american statistical association},
	Number = {153},
	Pages = {65--66},
	Publisher = {New York},
	Title = {The choice of a class interval},
	Volume = {21},
	Year = {1926}}

@article{scott1985averaged,
	Author = {Scott, David W},
	Journal = {The Annals of Statistics},
	Pages = {1024--1040},
	Publisher = {JSTOR},
	Title = {Averaged shifted histograms: effective nonparametric density estimators in several dimensions},
	Year = {1985}}

@article{scott1979optimal,
	Author = {Scott, David W},
	Journal = {Biometrika},
	Number = {3},
	Pages = {605--610},
	Publisher = {Oxford University Press},
	Title = {On optimal and data-based histograms},
	Volume = {66},
	Year = {1979}}

@incollection{scott2012multivariate,
	Author = {Scott, David W},
	Booktitle = {Handbook of computational statistics},
	Pages = {549--569},
	Publisher = {Springer},
	Title = {Multivariate density estimation and visualization},
	Year = {2012}}

@article{knuth2006optimal,
	Author = {Knuth, Kevin H},
	Journal = {arXiv preprint physics/0605197},
	Title = {Optimal data-based binning for histograms},
	Year = {2006}}

@article{kraskov2004estimating,
	Author = {Kraskov, Alexander and St{\"o}gbauer, Harald and Grassberger, Peter},
	Journal = {Physical review E},
	Number = {6},
	Pages = {066138},
	Publisher = {APS},
	Title = {Estimating mutual information},
	Volume = {69},
	Year = {2004}}

@article{lizier2014jidt,
	Author = {Lizier, Joseph T},
	Journal = {Frontiers in Robotics and AI},
	Pages = {11},
	Publisher = {Frontiers},
	Title = {JIDT: An information-theoretic toolkit for studying the dynamics of complex systems},
	Volume = {1},
	Year = {2014}}

@article{numpy,
	Author = {Walt, St{\'e}fan van der and Colbert, S Chris and Varoquaux, Gael},
	Journal = {Computing in Science \& Engineering},
	Number = {2},
	Pages = {22--30},
	Publisher = {IEEE},
	Title = {The NumPy array: a structure for efficient numerical computation},
	Volume = {13},
	Year = {2011}}

@article{scipy,
	Author = {Jones, Eric and Oliphant, Travis and Peterson, Pearu},
	Title = {SciPy: open source scientific tools for Python},
	Year = {2014}}

@book{pandas,
	Author = {McKinney, Wes},
	Publisher = {" O'Reilly Media, Inc."},
	Title = {Python for data analysis: Data wrangling with Pandas, NumPy, and IPython},
	Year = {2012}}

@inproceedings{seabold2010statsmodels,
	Author = {Seabold, Skipper and Perktold, Josef},
	Booktitle = {Proceedings of the 9th Python in Science Conference},
	Organization = {SciPy society Austin},
	Pages = {61},
	Title = {Statsmodels: Econometric and statistical modeling with python},
	Volume = {57},
	Year = {2010}}

@article{hunter2007matplotlib,
	Author = {Hunter, John D},
	Journal = {Computing in science \& engineering},
	Number = {3},
	Pages = {90--95},
	Publisher = {IEEE},
	Title = {Matplotlib: A 2D graphics environment},
	Volume = {9},
	Year = {2007}}

@book{arbuckle2010python,
	Author = {Arbuckle, Daniel},
	Publisher = {Packt Publishing Ltd},
	Title = {Python Testing: Beginner's Guide},
	Year = {2010}}

@article{go2009twitter,
	Author = {Go, Alec and Bhayani, Richa and Huang, Lei},
	Journal = {CS224N Project Report, Stanford},
	Number = {12},
	Title = {Twitter sentiment classification using distant supervision},
	Volume = {1},
	Year = {2009}}

@article{bollen2011twitter,
	Author = {Bollen, Johan and Mao, Huina and Zeng, Xiaojun},
	Journal = {Journal of computational science},
	Number = {1},
	Pages = {1--8},
	Publisher = {Elsevier},
	Title = {Twitter mood predicts the stock market},
	Volume = {2},
	Year = {2011}}

@article{souza2016nonlinear,
	Author = {Souza, Th{\'a}rsis T P and Aste, Tomaso},
	Journal = {arXiv preprint arXiv:1601.04535},
	Title = {A nonlinear impact: evidences of causal effects of social media on market prices},
	Year = {2016}}

@article{etherium,
	Author = {coindesk},
	Month = {3},
	Title = {40 Banks Trial Commercial Paper Trading in Latest R3 Blockchain Test},
	Year = {2016}}

@inproceedings{anderlini2016density,
	Author = {Anderlini, Lucio},
	Booktitle = {Journal of Physics: Conference Series},
	Number = {1},
	Organization = {IOP Publishing},
	Pages = {012042},
	Title = {Density Estimation Trees as fast non-parametric modelling tools},
	Volume = {762},
	Year = {2016}}

@inproceedings{vejmelka2007mutual,
	Author = {Vejmelka, Martin and Hlav{\'a}{\v{c}}kov{\'a}-Schindler, Kate{\v{r}}ina},
	Booktitle = {International Conference on Adaptive and Natural Computing Algorithms},
	Organization = {Springer},
	Pages = {790--797},
	Title = {Mutual information estimation in higher dimensions: A speed-up of a k-nearest neighbor based estimator},
	Year = {2007}}

@article{geweke1984measures,
	Author = {Geweke, John F},
	Journal = {Journal of the American Statistical Association},
	Number = {388},
	Pages = {907--915},
	Publisher = {Taylor \& Francis Group},
	Title = {Measures of conditional linear dependence and feedback between time series},
	Volume = {79},
	Year = {1984}}

@article{stips2016causal,
	Author = {Stips, Adolf and Macias, Diego and Coughlan, Clare and Garcia-Gorriz, Elisa and San Liang, X},
	Journal = {Scientific reports},
	Pages = {21691},
	Publisher = {Nature Publishing Group},
	Title = {On the causal structure between CO 2 and global temperature},
	Volume = {6},
	Year = {2016}}

@article{kwon2008information,
	Author = {Kwon, Okyu and Yang, J-S},
	Journal = {EPL (Europhysics Letters)},
	Number = {6},
	Pages = {68003},
	Publisher = {IOP Publishing},
	Title = {Information flow between stock indices},
	Volume = {82},
	Year = {2008}}

@book{hume1738treatise,
	Author = {Hume, David},
	Title = {A Treatise of Human Nature},
	Year = {1738}}

@article{zheludev2014can,
	Author = {Zheludev, Ilya and Smith, Robert and Aste, Tomaso},
	Journal = {Scientific reports},
	Pages = {4213},
	Publisher = {Nature Publishing Group},
	Title = {When can social media lead financial markets?},
	Volume = {4},
	Year = {2014}}

@article{markowitz1952portfolio,
	Author = {Markowitz, Harry},
	Journal = {The journal of finance},
	Number = {1},
	Pages = {77--91},
	Publisher = {Wiley Online Library},
	Title = {Portfolio selection},
	Volume = {7},
	Year = {1952}}

@article{nakamoto2008bitcoin,
	Author = {Nakamoto, Satoshi},
	Publisher = {Working Paper},
	Title = {Bitcoin: A peer-to-peer electronic cash system},
	Year = {2008}}

@book{pearl2009causality,
	Author = {Pearl, Judea},
	Publisher = {New York, NY: Cambridge University Press},
	Title = {Causality},
	Year = {2009}}

@article{tungsong2018,
	Author = {Tungsong, S and Caccioli, F and Aste, T},
	Journal = {The Journal of Network Theory in Finance},
	Number = {4},
	Pages = {1--23},
	Publisher = {Risk},
	Title = {Relation between regional uncertainty spillovers in the global banking system},
	Volume = {2},
	Year = {2018}}

@article{diebold2009measuring,
	Author = {Diebold, Francis X and Yilmaz, Kamil},
	Journal = {The Economic Journal},
	Number = {534},
	Pages = {158--171},
	Publisher = {Wiley Online Library},
	Title = {Measuring financial asset return and volatility spillovers, with application to global equity markets},
	Volume = {119},
	Year = {2009}}

@article{Aste2019,
	Author = {Aste, Tomaso},
	Day = {24},
	Doi = {10.1007/s42521-019-00008-9},
	Issn = {2524-6186},
	Journal = {Digital Finance},
	Month = {Apr},
	Title = {Cryptocurrency market structure: connecting emotions and economics},
	Url = {https://doi.org/10.1007/s42521-019-00008-9},
	Year = {2019},
	Bdsk-Url-1 = {https://doi.org/10.1007/s42521-019-00008-9}}

@article{hlavavckova2007causality,
  title={Causality detection based on information-theoretic approaches in time series analysis},
  author={Hlav{\'a}{\v{c}}kov{\'a}-Schindler, Katerina and Palu{\v{s}}, Milan and Vejmelka, Martin and Bhattacharya, Joydeep},
  journal={Physics Reports},
  volume={441},
  number={1},
  pages={1--46},
  year={2007},
  publisher={Elsevier}
}

@article{darbellay1999estimation,
  title={Estimation of the information by an adaptive partitioning of the observation space},
  author={Darbellay, Georges A and Vajda, Igor},
  journal={IEEE Transactions on Information Theory},
  volume={45},
  number={4},
  pages={1315--1321},
  year={1999},
  publisher={IEEE}
}